<record><leader>00000cas a2200000 a 4500</leader><controlfield tag="001">18564981</controlfield><controlfield tag="008">881004d19uu19uunyuwr ne      0   a0eng d</controlfield><datafield ind1=" " ind2=" " tag="010"><subfield code="a">sn 88008660 </subfield></datafield><datafield ind1=" " ind2=" " tag="040"><subfield code="a">NSD</subfield><subfield code="b">eng</subfield><subfield code="c">NSD</subfield><subfield code="d">OCLCQ</subfield></datafield><datafield ind1=" " ind2=" " tag="012"><subfield code="j">0</subfield><subfield code="m">d</subfield></datafield><datafield ind1="0" ind2=" " tag="022"><subfield code="a">1040-8525</subfield><subfield code="l">1040-8525</subfield><subfield code="2">1</subfield></datafield><datafield ind1=" " ind2=" " tag="037"><subfield code="b">Lee Publications, Inc., P.O. Box 121, Grand St., Palatine Bridge, NY 13428</subfield></datafield><datafield ind1=" " ind2=" " tag="042"><subfield code="a">nsdp</subfield><subfield code="a">msc</subfield></datafield><datafield ind1="0" ind2=" " tag="130"><subfield code="a">Farm &amp; home news (Palatine Bridge, N.Y.)</subfield></datafield><datafield ind1=" " ind2="0" tag="222"><subfield code="a">Farm &amp; home news</subfield><subfield code="b">(Palatine Bridge, N.Y.)</subfield></datafield><datafield ind1="1" ind2="0" tag="245"><subfield code="a">Farm &amp; home news.</subfield></datafield><datafield ind1="3" ind2="0" tag="246"><subfield code="a">Farm and home news</subfield></datafield><datafield ind1=" " ind2=" " tag="260"><subfield code="a">Palatine Bridge, N.Y. :</subfield><subfield code="b">Lee Publications</subfield></datafield><datafield ind1=" " ind2=" " tag="300"><subfield code="a">v.</subfield></datafield><datafield ind1=" " ind2=" " tag="310"><subfield code="a">Weekly</subfield></datafield><datafield ind1=" " ind2=" " tag="588"><subfield code="a">Description based on: Vol. 42, no. 44 (Monday, Sept. 12, 1988).</subfield></datafield><datafield ind1=" " ind2=" " tag="752"><subfield code="a">United States</subfield><subfield code="b">New York</subfield><subfield code="c">Montgomery</subfield><subfield code="d">Palatine Bridge.</subfield></datafield><datafield ind1="0" ind2="0" tag="785"><subfield code="t">Country folks of Pennsylvania</subfield><subfield code="x">1054-9064</subfield><subfield code="w">(DLC)sn 91001379</subfield></datafield></record>